@Manual{Brito-Silva2012,
  title = {Direito à saúde e integralidade: uma discussão sobre os desafios e caminhos para sua efetivação},
  author = {Keila Brito-Silva and Adriana Falangola Benjamin Bezerra and Oswaldo Yoshimi Tanaka},
  year = {2012},
  note = {Not yet},
  journal = {Interface – Comunicacao, Saude, Educacao},
  url = {https://www.scielo.br/j/icse/a/WC7GKD4py6Cq7cLdRvDZx3H/?lang=pt},
}

@Manual{Sato2019,
  title = {Machine-learning Approach for the Development of a Novel predictive Model for the Diagnosis of Hepatocellular Carcinoma},
  author = {Masaya Sato and Kentaro Morimoto and Shigeki Kajihara and YutakaYatomi},
  year = {2019},
  note = {Not yet},
  journal = {Scientific Reports},
  url = {https://www.scielo.br/j/icse/a/WC7GKD4py6Cq7cLdRvDZx3H/?lang=pt},
}

@Manual{Nemade2023,
  title = {Machine Learning Techniques for Breast Cancer Prediction},
  author = {Varsha Nemade and Vishal Fegade},
  year = {2023},
  note = {Not yet},
  journal = {Procedia Computer Science},
  url = {https://www.sciencedirect.com/science/article/pii/S1877050923001102},
}

@Manual{Tran2021,
  title = {Deep learning in cancer diagnosis, prognosis and treatment selection},
  author = {Khoa A. Tran and Olga Kondrashova and Andrew Bradley and Elizabeth D. Williams and John V. Pearson and Nicola Waddell},
  year = {2021},
  note = {Not yet},
  journal = {Genome Medicine},
}


@Manual{Khalid2023,
  title = {Breast Cancer Detection and Prevention Using Machine Learning},
  author = {Arslan Khalid and Arif Mehmood and Amerah Alabrah and Bader Fahad Alkhamees and Farhan Amin and Hussain AlSalman and Gyu Sang Choi},
  year = {2021},
  note = {Not yet},
  journal = {Genome Medicine},
}

@Manual{Rabiei2022,
  title = {Prediction of Breast Cancer using Machine Learning Approaches},
  author = {Reza Rabiei and Seyed Mohammad Ayyoubzadeh and Solmaz Sohrabei and Marzieh Esmaeili and Alireza Atashi},
  year = {2022},
  note = {Not yet},
  journal = {J Biomed Phys Eng},
}

@Manual{Chellappa2020,
  title = {Feature Selection},
  author = {Rama Chellappa and Pavan Turaga},
  year = {2022},
  note = {Not yet},
  journal = {Computer Vision},
}

@Manual{Placido2023,
  title = {A deep learning algorithm to predict risk of pancreatic cancer from disease trajectories},
  author = {Davide Placido and Amalie D. Haue and Renato Umeton and Alexandra Franz and Lauren Brais and Elizabeth Andrews and Debora S. Marks and Aviv Regev and Siamack Ayandeh and Mary T. Brophy and Nhan V. Do and Peter Kraft and Brian M. Wolpin and Michael H. Rosentha and and Bo Yuan and Jessica X. Hjaltelin and Chunlei Zheng and Piotr J. Chmura and Chen Yuan and Jihye Kim and Gregory Ante and Alexander Chowdhury abd Nathanael R. Fillmore and Søren Brunak and Chris Sander},
  year = {2023},
  note = {Not yet},
  journal = {Computer Vision},
}

@Manual{Fakoor2013,
  title = {Using deep learning to enhance cancer diagnosis and classification},
  author = {Rasool Fakoor and Faisal Ladhak and Azade Nazi and Manfred Huber},
  year = {2013},
  note = {Not yet},
  journal = {Proceedings of the 30th International Conference on Ma- chine Learning},
}

@Manual{Akay2009,
  title = {Support vector machines combined with feature selection for breast cancer diagnosis},
  author = {Mehmet Fatih Akay},
  year = {2009},
  note = {Not yet},
  journal = {Expert Systems with Applications},
}

@Manual{Metcalf2024,
  title = {MicroRNAs: circulating biomarkers for the early detection of imperceptible cancers via biosensor and machine-learning advances},
  author = {Gavin Metcalf},
  year = {2024},
  note = {Not yet},
  journal = {Oncogene},
}

@Manual{Costa2023,
  title = {Robust Feature Selection strategy detects a panel of microRNAs as putative diagnostic biomarkers in Breast Cancer},
  author = {Maria Claudia Costa and Teresa Maria Rosaria Noviello and Michele Ceccarelli and Luigi Cerulo},
  year = {2023},
  note = {Not yet},
  journal = { Proceedings of the 18th Conference on Computational Intelligence
 Methods for Bioinformatics & Biostatistics (CIBB 2023)},
}