@Manual{Brito-Silva2012,
  title = {Direito à saúde e integralidade: uma discussão sobre os desafios e caminhos para sua efetivação},
  author = {Keila Brito-Silva and Adriana Falangola Benjamin Bezerra and Oswaldo Yoshimi Tanaka},
  year = {2012},
  note = {Not yet},
  journal = {Interface – Comunicacao, Saude, Educacao},
  url = {https://www.scielo.br/j/icse/a/WC7GKD4py6Cq7cLdRvDZx3H/?lang=pt},
}

@Manual{bioinfo_all,
  title = {Tutorial 6: How to do Principal Component Analysis (PCA) in R},
  author = {Bioinformatics for All},
  note = {Not yet},
  urldate = {2024-02-04},
  url = "https://bioinfo4all.wordpress.com/2021/01/31/tutorial-6-how-to-do-principal-component-analysis-pca-in-r/"
}

@Manual{tellmeGen,
  title = {Genética Preditiva},
  author = {tellmeGen},
  note = {busca google: imputação computacional genética},
  urldate = {2024-05-02},
  url = "https://www.tellmegen.com/pt/genetica-preditiva"
}



@Manual{Pärn,
  title = {Genotype imputation workflow v3.0 V.1},
  author = {Kalle Pärn, Marita A. Isokallio, Javier Nunez Fontarnau, Aarno Palotie, Samuli Ripatti, Priit Palta},
  note = {busca google: genotype imputation R},
  year = {2018},
  urldate = {2024-05-02},
  url = "https://www.protocols.io/view/genotype-imputation-workflow-v3-0-e6nvw78dlmkj/v1?step=3"
}

@Manual{Li2009,
  title = {Genotype Imputation},
  author = {Yun Li, Cristen Willer, Serena Sanna, and Gonçalo Abecasis},
  note = {busca google: genotype imputation R},
  year = {2009},
  urldate = {2024-05-02},
  url = "https://pubmed.ncbi.nlm.nih.gov/19715440/"
}

@Manual{Mitchell2014,
  title = {Characterization of mitochondrial haplogroups in a large population‐based sample from the United States},
  author = {Sabrina L. Mitchell, Robert Goodloe, Kristin Brown‐Gentry, Sarah A. Pendergrass, Deborah G. Murdock, Dana C. Crawford},
  year = {2014},
  url = "https://www.ncbi.nlm.nih.gov/pmc/articles/PMC4113317/"
}

@Manual{Bolze2021,
  title = {Analysis of mitochondrial DNA variants in 200,000 individuals},
  author = {Alexandre Bolze},
  year = {2021},
  url = "https://cdn.sanity.io/files/g5irbagy/production/960b88f3fd681a6207e9d18b9973e99fa6df9e1f.pdf"
}

@Manual{Rocha2023,
  title = {Explorando Dados de Saúde com o Pacote Microdatasus no R! (Coleta, Análise e Visualização)},
  author = {Fábio Rocha},
  year = {2023},
  url = "https://www.youtube.com/watch?v=3jLhC2PXi3M"
}





