@Manual{Brito-Silva2012,
  title = {Direito à saúde e integralidade: uma discussão sobre os desafios e caminhos para sua efetivação},
  author = {Keila Brito-Silva and Adriana Falangola Benjamin Bezerra and Oswaldo Yoshimi Tanaka},
  year = {2012},
  note = {Not yet},
  journal = {Interface – Comunicacao, Saude, Educacao},
  url = {https://www.scielo.br/j/icse/a/WC7GKD4py6Cq7cLdRvDZx3H/?lang=pt},
}